@article{Hosur:2015ylk,
	author         = "Hosur, Pavan and Qi, Xiao-Liang and Roberts, Daniel A.
	and Yoshida, Beni",
	title          = "{Chaos in quantum channels}",
	journal        = "JHEP",
	volume         = "02",
	year           = "2016",
	pages          = "004",
	doi            = "10.1007/JHEP02(2016)004",
	eprint         = "1511.04021",
	archivePrefix  = "arXiv",
	primaryClass   = "hep-th",
	reportNumber   = "MIT-CTP-4733",
	SLACcitation   = "%%CITATION = ARXIV:1511.04021;%%"
}

@article{Maldacena:2015waa,
	author         = "Maldacena, Juan and Shenker, Stephen H. and Stanford,
	Douglas",
	title          = "{A bound on chaos}",
	journal        = "JHEP",
	volume         = "08",
	year           = "2016",
	pages          = "106",
	doi            = "10.1007/JHEP08(2016)106",
	eprint         = "1503.01409",
	archivePrefix  = "arXiv",
	primaryClass   = "hep-th",
	SLACcitation   = "%%CITATION = ARXIV:1503.01409;%%"
}

@book{strogatz_2015, title={Nonlinear Dynamics and Chaos: With Applications to Physics, Biology, Chemistry, and Engineering}, publisher={WestviewPress}, author={Strogatz, Steven H.}, year={2015}}

@book{tabor_1989, place={New York}, title={Chaos and integrability in nonlinear dynamics: an introduction}, publisher={Wiley}, author={Tabor, Michael}, year={1989}}

@book{ott_2008, place={Cambridge}, title={Chaos in dynamical systems}, publisher={Cambridge Univ. Press}, author={Ott, Edward}, year={2008}}

@article{lorenz_1963, title={Deterministic Nonperiodic Flow}, volume={20}, DOI={10.1175/1520-0469(1963)020<0130:dnf>2.0.co;2}, number={2}, journal={Journal of the Atmospheric Sciences}, author={Lorenz, Edward N.}, year={1963}, pages={130â€“141}}